<?xml version="1.0" encoding="UTF-8"?>
<collection xmlns:xsi="http://www.w3.org/2001/XMLSchema-instance" xsi:schemaLocation="http://www.loc.gov/MARC21/slim http://www.loc.gov/standards/marcxml/schema/MARC21slim.xsd" xmlns="http://www.loc.gov/MARC21/slim">
<record>
  <leader>00676cam a2200217 a 4500</leader>
  <controlfield tag="001">3071238</controlfield>
  <controlfield tag="003">NNC</controlfield>
  <controlfield tag="005">20140502141314.0</controlfield>
  <controlfield tag="008">890227s1949    sy            000 0 ara d</controlfield>
  <datafield tag="035" ind1=" " ind2=" ">
    <subfield code="9">ATP4197CU</subfield>
  </datafield>
  <datafield tag="035" ind1=" " ind2=" ">
    <subfield code="a">(OCoLC)ocn23514633</subfield>
  </datafield>
  <datafield tag="040" ind1=" " ind2=" ">
    <subfield code="a">CUD</subfield>
    <subfield code="c">CUD</subfield>
    <subfield code="d">NNC</subfield>
  </datafield>
  <datafield tag="035" ind1=" " ind2=" ">
    <subfield code="a">(OCoLC)23514633</subfield>
  </datafield>
  <datafield tag="049" ind1=" " ind2=" ">
    <subfield code="a">ZCUA</subfield>
  </datafield>
  <datafield tag="100" ind1="1" ind2=" ">
    <subfield code="a">Jamāl al-Dīn, Najīb.</subfield>
  </datafield>
  <datafield tag="245" ind1="1" ind2="0">
    <subfield code="a">Khalīl Muṭrān :</subfield>
    <subfield code="b">shāʻir ʼal-ʻaṣr /</subfield>
    <subfield code="c">Najīb Jamāl ʼal-Dīn ; qaddama lahu Ṣāliḥ ʼal-Labābīdī.</subfield>
  </datafield>
  <datafield tag="260" ind1=" " ind2=" ">
    <subfield code="a">["Damascus"] :</subfield>
    <subfield code="b">[s.n.],</subfield>
    <subfield code="c">1949.</subfield>
  </datafield>
  <datafield tag="300" ind1=" " ind2=" ">
    <subfield code="a">162 p ;</subfield>
    <subfield code="c">20cm.</subfield>
  </datafield>
  <datafield tag="600" ind1="1" ind2="0">
    <subfield code="a">Muṭrān, Khalīl,</subfield>
    <subfield code="d">1872-1949.</subfield>
  </datafield>
  <datafield tag="700" ind1="1" ind2=" ">
    <subfield code="a">Labābīdī, Ṣalāḥ.</subfield>
  </datafield>
  <datafield tag="955" ind1=" " ind2=" ">
    <subfield code="b">CU58870385</subfield>
    <subfield code="d">off,glx</subfield>
    <subfield code="e">893.79 J22</subfield>
  </datafield>
</record>
</collection>